@misc{what_are_beacons,
  title={iBeacons},
  url={https://web.archive.org/web/20131203014352/http://daveaddey.com/?p=1252},
  author={Dave Addey}
}

@misc{lumen_framework,
  title       = {Lumen},
  url          = {https://lumen.laravel.com/},
}

@misc{ubuntu_server_guide,
  title       = {Ubuntu Server Guide},
  url          = {https://ubuntu.com/server/docs},
}

@misc{docker_guide,
  title       = {Docker: get started},
  url          = {https://www.docker.com/get-started},
}

@misc{comanti_at,
  title       = {Comandi AT},
  url          = {https://marvasis.it/materiali/Comandi%20AT.htm},
}

@misc{architettura_codice,
  title={Architettura software: introduzione, importanza e compiti di un sw architect},
  url={https://italiancoders.it/architettura-software-introduzione-importanza-e-compiti-di-un-sw-architect/},
  author={Dario Frongillo}
}

@misc{architettura_introduction,
  title={Clean Architecture â€” A little introduction},
  url={https://dev.to/joaosczip/clean-architecture-a-little-introduction-4ag6},
  author={joaosczip}
}
@misc{sql_injection_php,
  title={SQL Injection in PHP: Practices to Avoid},
  url={https://developer.okta.com/blog/2020/06/15/sql-injection-in-php},
  author={David Marin}
}









